<?xml version="1.0" encoding="UTF-8"?><record xmlns="http://www.loc.gov/MARC21/slim" xmlns:cinclude="http://apache.org/cocoon/include/1.0" xmlns:zs="http://www.loc.gov/zing/srw/">
  <leader>01348cz  a2200289n  4500</leader>
  <controlfield tag="001">n 2006050127</controlfield>
  <controlfield tag="003">DLC</controlfield>
  <controlfield tag="005">20151024105701.0</controlfield>
  <controlfield tag="008">060627n| azannaabn          |b aaa      </controlfield>
  <datafield tag="010" ind1=" " ind2=" ">
    <subfield code="a">n 2006050127</subfield>
  </datafield>
  <datafield tag="035" ind1=" " ind2=" ">
    <subfield code="a">(OCoLC)oca06981547</subfield>
  </datafield>
  <datafield tag="040" ind1=" " ind2=" ">
    <subfield code="a">DLC</subfield>
    <subfield code="b">eng</subfield>
    <subfield code="e">rda</subfield>
    <subfield code="c">DLC</subfield>
    <subfield code="d">DLC</subfield>
    <subfield code="d">HkUST</subfield>
    <subfield code="d">UPB</subfield>
    <subfield code="d">DLC</subfield>
  </datafield>
  <datafield tag="046" ind1=" " ind2=" ">
    <subfield code="f">1963</subfield>
    <subfield code="2">edtf</subfield>
  </datafield>
  <datafield tag="100" ind1="1" ind2=" ">
    <subfield code="a">Meynard, Thierry</subfield>
  </datafield>
  <datafield tag="372" ind1=" " ind2=" ">
    <subfield code="a">Philosophy</subfield>
    <subfield code="a">Latin Classics</subfield>
  </datafield>
  <datafield tag="373" ind1=" " ind2=" ">
    <subfield code="a">Fordham University</subfield>
    <subfield code="a">Sun Yat-Sen University</subfield>
  </datafield>
  <datafield tag="374" ind1=" " ind2=" ">
    <subfield code="a">Professor</subfield>
  </datafield>
  <datafield tag="375" ind1=" " ind2=" ">
    <subfield code="a">male</subfield>
  </datafield>
  <datafield tag="377" ind1=" " ind2=" ">
    <subfield code="a">eng</subfield>
  </datafield>
  <datafield tag="400" ind1="1" ind2=" ">
    <subfield code="a">Mei, Qianli</subfield>
  </datafield>
  <datafield tag="400" ind1="1" ind2=" ">
    <subfield code="a">Meynard, Thierry,</subfield>
    <subfield code="d">1963-</subfield>
  </datafield>
  <datafield tag="400" ind1="1" ind2=" ">
    <subfield code="a">梅謙立</subfield>
  </datafield>
  <datafield tag="667" ind1=" " ind2=" ">
    <subfield code="a">Non-Latin script reference not evaluated.</subfield>
  </datafield>
  <datafield tag="670" ind1=" " ind2=" ">
    <subfield code="a">Teilhard and the future of humanity, 2006:</subfield>
    <subfield code="b">ECIP t.p. (Thierry Meynard, S.J.) data view (Thierry Meynard, S.J., teaches philosophy at Fordham University)</subfield>
  </datafield>
  <datafield tag="670" ind1=" " ind2=" ">
    <subfield code="a">Yesu hui de Beijing dao lan, 2005</subfield>
    <subfield code="b">t.p. (梅謙立 = Mei Qianli)</subfield>
  </datafield>
  <datafield tag="670" ind1=" " ind2=" ">
    <subfield code="a">Yahoo, viewed 2007-04-17,</subfield>
    <subfield code="b">hdg. (Thierry Meynard S.J.; 梅謙立 = Mei Qianli; Assistant Professor, Philosophy Department, Sun Yat-sen University, Guangzhou, China; b. 1963, Ph. D. in Chinese Philosophy)</subfield>
  </datafield>
  <datafield tag="670" ind1=" " ind2=" ">
    <subfield code="a">Confucius Sinarum philosophus (1687), 2011:</subfield>
    <subfield code="b">jacket (Thierry Meynard S.J. is currently professor at the philosophy department of Sun Ya-Sen University, where he teaches Western Philosophy and Latin Classics.)</subfield>
  </datafield>
</record>